<?xml version="1.0" encoding="UTF-8"?><collection xmlns="http://www.loc.gov/MARC21/slim"><record><leader>00433nam--2200145-i-4500</leader><controlfield tag="001">000017253</controlfield><controlfield tag="002">20161230</controlfield><controlfield tag="005">20161230201032</controlfield><controlfield tag="008">060222s1000------------r-----000-0-eng-d</controlfield><datafield ind1=" " ind2=" " tag="020"><subfield code="a">92-826-2</subfield></datafield><datafield ind1=" " ind2=" " tag="080"><subfield code="a">341.127(4):351.777.6</subfield></datafield><datafield ind1=" " ind2=" " tag="245"><subfield code="a">Soil and groundwater research report ii nitrate in soils</subfield></datafield><datafield ind1=" " ind2=" " tag="260"><subfield code="a">Luxembourg: Office For Official Publications Of The European Communities, 1991 544 P</subfield></datafield><datafield ind1=" " ind2=" " tag="490"><subfield code="a">Eur 13501</subfield></datafield><datafield ind1=" " ind2=" " tag="852"><subfield code="a">80195</subfield></datafield></record></collection>